=LDR  01122ntm a22003011i 4500
=001  uab09281264
=003  UAB
=005  20141027144728.0
=006  m|||||o||d||||||||
=007  cr||||||||||||
=008  141027t19781978xx\adf\\obm\\\000\0\eng\d
=040  \\$aUAB$beng$erda$cUAB
=050  \4$aQD305.H7$bB33 1978
=090  \\$aInternet Access$bAEU
=245  00$aCyclobutadiene /$cby Fernando A. Souto Bachiller.
=264  \1$c[1978]
=264  \4$c©1978
=300  \\$a1 online resource (xiv, 297 pages) :$billustrations
=336  \\$atext$btxt$2rdacontent
=337  \\$acomputer$bc$2rdamedia
=338  \\$aonline resource$bcr$2rdacarrier
=500  \\$a"A thesis submitted to the Faculty of Graduate Studies and Research in partial fulfilment of the requirements for the degree of Doctor of Philosophy, Department of Chemistry."
=502  \\$bPh. D.$cUniversity of Alberta$d1978.
=504  \\$aIncludes bibliographical references (pages 280-292).
=590  \\$aLibrary copy imperfect: page 169 scanned twice.
=650  \0$aCyclobutadiene.
=710  2\$aUniversity of Alberta.$bDepartment of Chemistry.
=900  \\$aNK40318
=949  \\$zUAIN$zETHESIS

