=LDR  01156ntm a2200313Ii 4500
=001  uab09277191
=003  UAB
=005  20141004091536.0
=006  m|||||o||d||||||||
=007  cr||||||||||||
=008  141004t19721972xx\ad\\\obm\\\000\0\eng\d
=040  \\$aUAB$beng$erda$cUAB
=050  \4$aQD172.T6$bD39 1972
=090  \\$aInternet Access$bAEU
=100  1\$aDay, E. David,$eauthor.
=245  10$aTransition metal dithiophosphinates /$cby E. David Day.
=264  \1$c[1972]
=264  \4$c©1972
=300  \\$a1 online resource (xiv, 251 pages) :$billustrations
=336  \\$atext$btxt$2rdacontent
=337  \\$acomputer$bc$2rdamedia
=338  \\$aonline resource$bcr$2rdacarrier
=500  \\$a"A thesis submitted to the Faculty of Graduate Studies and Research in partial fulfilment of the requirements for the degree of Doctor of Philosophy, Department of Chemistry."
=502  \\$bPh. D.$cUniversity of Alberta$d1972.
=504  \\$aIncludes bibliographical references (pages 192-202).
=650  \0$aTransition metal compounds.
=650  \0$aCoordination compounds.
=710  2\$aUniversity of Alberta.$bDepartment of Chemistry.
=900  \\$aNK11128
=949  \\$zUAIN$zETHESIS

