=LDR  01187ntm a2200301Ii 4500
=001  uab09275277
=003  UAB
=005  20141003061339.0
=006  m|||||o||d||||||||
=007  cr||||||||||||
=008  141003t19711971xx\\\\\\obm\\\000\0\eng\d
=040  \\$aUAB$beng$erda$cUAB
=050  \4$aPR9185.2$b.M33 1971
=090  \\$aInternet Access$bAEU
=100  1\$aMacLulich, Thomas Donald,$eauthor.
=245  10$aLiterary attitudes in English Canada, 1880-1900 /$cby Thomas Donald MacLulich, B.A., University of Toronto, 1967.
=264  \1$c[1971]
=264  \4$c©1971
=300  \\$a1 online resource (vii, 187 pages)
=336  \\$atext$btxt$2rdacontent
=337  \\$acomputer$bc$2rdamedia
=338  \\$aonline resource$bcr$2rdacarrier
=500  \\$a"A thesis submitted to the Faculty of Graduate Studies and Research in partial fulfilment of the requirements for the degree of Master of Arts, Department of English."
=502  \\$bM.A.$cUniversity of Alberta$d1971.
=504  \\$aIncludes bibliographical references (pages 181-187).
=650  \0$aCanadian literature$y19th century$xHistory and criticism.
=710  2\$aUniversity of Alberta.$bDepartment of English.
=949  \\$zUAIN$zETHESIS

