=LDR  01185ntm a2200313Ii 4500
=001  uab09276793
=003  UAB
=005  20141009103243.0
=006  m|||||o||d||||||||
=007  cr||||||||||||
=008  141009t19711971xx\\\\\\obm\\\000\0\eng\d
=040  \\$aUAB$beng$erda$cUAB
=050  \4$aQC794$b.S28 1971
=090  \\$aInternet Access$bAEU
=100  1\$aSaunders, Wm. M.,$eauthor.
=245  10$a[superscript 40]Ca(d,p)[superscript 41]Ca reactions, the statistical model and TH distorted wave born approximation /$cby Wm. W. Saunders.
=264  \1$c[1971]
=264  \4$c©1971
=300  \\$a1 online resource (70 pages)
=336  \\$atext$btxt$2rdacontent
=337  \\$acomputer$bc$2rdamedia
=338  \\$aonline resource$bcr$2rdacarrier
=500  \\$a"A thesis submitted to the Faculty of Graduate Studies in partial fulfilment of the requirements for the degree of Doctor of Philosophy, Department of Physics."
=502  \\$bPh. D.$cUniversity of Alberta$d1971.
=504  \\$aIncludes bibliographical references (pages 69-70).
=650  \0$aNuclear reactions.
=650  \0$aBorn approximation.
=710  2\$aUniversity of Alberta.$bDepartment of Physics.
=900  \\$aNK09644
=949  \\$zUAIN$zETHESIS

