=LDR  01284ntm a2200337Ii 4500
=001  uab09274658
=003  UAB
=005  20141002052348.0
=006  m|||||o||d||||||||
=007  cr||||||||||||
=008  141002t19691969xx\\\\\\obm\\\000\0\eng\d
=040  \\$aUAB$beng$erda$cUAB
=050  \4$aHM1111$b.S55 1969
=090  \\$aInternet Access$bAEU
=100  1\$aSkidmore, William L.,$eauthor.
=245  14$aThe relationships of models of man to sociological explanation in three sociological theories /$cby William L. Skidmore.
=264  \1$c[1969]
=264  \4$c©1969
=300  \\$a1 online resource (351 pages)
=336  \\$atext$btxt$2rdacontent
=337  \\$acomputer$bc$2rdamedia
=338  \\$aonline resource$bcr$2rdacarrier
=500  \\$a"A thesis submitted to the Faculty of Graduate Studies and Research in partial fulfilment of the requirements for the degree of Doctor of Philosophy, Department of Sociology."
=502  \\$bPh. D.$cUniversity of Alberta$d1969.
=504  \\$aIncludes bibliographical references (pages [341]-351).
=650  \0$aSocial exchange.
=650  \0$aFunctionalism (Psychology)
=650  \0$aSymbolic interactionism.
=650  \0$aExchange theory (Sociology)
=710  2\$aUniversity of Alberta.$bDepartment of Sociology.
=900  \\$aNK03869
=949  \\$zUAIN$zETHESIS

