=LDR  01311ntm a2200337Ii 4500
=001  uab09276761
=003  UAB
=005  20141009092915.0
=006  m|||||o||d||||||||
=007  cr||||||||||||
=008  141009t19731973xx\abd\\obm\\\000\0\eng\d
=040  \\$aUAB$beng$erda$cUAB
=043  \\$an-cn-ab
=050  \4$aS595$b.A44 1973
=090  \\$aInternet Access$bAEU
=100  1\$aAlexander, T. G.,$eauthor.
=245  10$aInorganic and extractable phosphorus of some Solonetzic soils of Alberta /$cby Thundathilthekkethil George Alexander.
=264  \1$c[1973]
=264  \4$c©1973
=300  \\$a1 online resource (x, 91 pages) :$billustrations, map
=336  \\$atext$btxt$2rdacontent
=337  \\$acomputer$bc$2rdamedia
=338  \\$aonline resource$bcr$2rdacarrier
=500  \\$a"A thesis submitted to the Faculty of Graduate Studies and Research in partial fulfilment of the requirements for the degree of Doctor of Philosophy, Department of Soil Science."
=502  \\$bPh. D.$cUniversity of Alberta$d1973.
=504  \\$aIncludes bibliographical references (pages 66-77).
=590  \\$aLibrary copy imperfect: page 27 scanned twice.
=650  \0$aSolonetz soils$zAlberta.
=650  \0$aSoils$xPhosphorus content.
=710  2\$aUniversity of Alberta.$bDepartment of Soil Science.
=900  \\$aNK15175
=949  \\$zUAIN$zETHESIS

