=LDR  01147ntm a2200301I  4500
=001  uab09269111
=003  UAB
=005  20140915125736.0
=006  m|||||o||d||||||||
=007  cr||||||||||||
=008  140915t19741974xx\\\\\\obm\\\000\0\eng\d
=040  \\$aUAB$beng$erda$cUAB
=050  \4$aQP363.3$b.W55 1973
=090  \\$aInternet Access$bAEU
=100  1\$aWilliams, Douglas W.,$eauthor.
=245  10$aMathematical modelling in neural activities /$cby Douglas W. Williams.
=264  \1$c[1974]
=264  \4$c©1974
=300  \\$a1 online resource (vii, 190 pages)
=336  \\$atext$btxt$2rdacontent
=337  \\$acomputer$bc$2rdamedia
=338  \\$aonline resource$bcr$2rdacarrier
=502  \\$bM. Sc.$cUniversity of Alberta$d1974.
=500  \\$a"A thesis submitted to the Faculty of Graduate Studies and Research in partial fulfilment of the requirements for the degree of Master of Science in Applied Mathematics, Department of Mathematics."
=504  \\$aIncludes bibliographical references (pages 185-190).
=650  \0$aNeurons$xMathematical models.
=710  2\$aUniversity of Alberta.$bDepartment of Mathematics.
=900  \\$aMK21136
=949  \\$zUAIN$zETHESIS

