=LDR  01197ntm a2200313Ii 4500
=001  uab09275461
=003  UAB
=005  20141004091536.0
=006  m|||||o||d||||||||
=007  cr||||||||||||
=008  141004t19711971xx\ad\\\obm\\\000\0\eng\d
=040  \\$aUAB$beng$erda$cUAB
=050  \4$aQP772.F6$bS67 1971
=090  \\$aInternet Access$bAEU
=100  1\$aSpronk, Adrian Maurice C.,$eauthor.
=245  14$aThe occurrence and function of pteroylglutamates in radish cotyledons /$cby Adrian Maurice C. Spronk.
=264  \1$c[1971]
=264  \4$c©1971
=300  \\$a1 online resource (x, 141 pages) :$billustrations
=336  \\$atext$btxt$2rdacontent
=337  \\$acomputer$bc$2rdamedia
=338  \\$aonline resource$bcr$2rdacarrier
=500  \\$a"A thesis submitted to the Faculty of Graduate Studies and Research in partial fulfilment of the requirements for the degree of Doctor of Philosophy, Department of Botany."
=502  \\$bPh. D.$cUniversity of Alberta$d1971.
=504  \\$aIncludes bibliographical references (pages 118-130).
=650  \0$aFolic acid$xDerivatives.
=650  \0$aPlant embryology.
=710  2\$aUniversity of Alberta.$bDepartment of Botany.
=900  \\$aNK09648
=949  \\$zUAIN$zETHESIS



